<?xml version="1.0" encoding="utf-8"?>
<record xmlns="http://www.loc.gov/MARC21/slim" xmlns:xsi="http://www.w3.org/2001/XMLSchema-instance" xsi:schemaLocation="http://www.loc.gov/MARC21/slim http://www.loc.gov/standards/marcxml/schema/MARC21slim.xsd">
	<leader>     nam a22     Mi 4500</leader>
	<controlfield tag="001">b18036478</controlfield>
	<controlfield tag="003">LeBAU</controlfield>
	<controlfield tag="006">m        d        </controlfield>
	<controlfield tag="007">cr cn |||m|||a</controlfield>
	<controlfield tag="008">190821s1933    ua      o     ||0 0 ara d</controlfield>
	<datafield ind1=" " ind2=" " tag="040">
		<subfield code="a">ZYU</subfield>
		<subfield code="b">ara</subfield>
		<subfield code="e">rda</subfield>
		<subfield code="c">ZYU</subfield>
	</datafield>
	<datafield ind1="0" ind2="4" tag="082">
		<subfield code="a">297.207</subfield>
		<subfield code="2">23</subfield>
	</datafield>
	<datafield ind1="1" ind2=" " tag="100">
		<subfield code="6">880-01</subfield>
		<subfield code="a">Jamal, Sulaymān ibn ʻUmar,</subfield>
		<subfield code="d">-1789 or 1790,</subfield>
		<subfield code="e">author.</subfield>
	</datafield>
	<datafield ind1="1" ind2="0" tag="245">
		<subfield code="6">880-02</subfield>
		<subfield code="a">Ḥāshiyah ʻalá al-jalālayn :</subfield>
		<subfield code="b">al-musammāh bi-al-Futūḥāt al-ilāhīyah bi-tawḍīḥ Tafsīr al-Jalālayn lil-daqāʼiq al-khafīyah /</subfield>
		<subfield code="c">taʼlīf al-ʻallāmah al-Shaykh Sulayman al-Jamal. maʻa Tafsīr al-Jalālayn al-madhkūr. Wa-ayḍan Imlāʼ mā manna bihī al-Rahmān min wujūh al-iʻrab wa-al-qirāʼāt-fī jamīʻ al-Qurʼān / ta’līf al-ʻallāmah Muḥibb al-Dīn Abī al-Baqāʼ ʻAbd Allāh ibn al-Ḥusayn ibn ʻAbd Allāh al-ʻUkbarī.</subfield>
	</datafield>
	<datafield ind1="3" ind2="3" tag="246">
		<subfield code="6">880-03</subfield>
		<subfield code="a">Futūḥāt al-ilāhīyah bi-tawdīh Tafsīr al-Jalālayn lil-daqāʼiq al-khafīyah</subfield>
	</datafield>
	<datafield ind1=" " ind2="1" tag="264">
		<subfield code="6">880-04</subfield>
		<subfield code="a">Miṣr :</subfield>
		<subfield code="b">Maṭbaʻat Muṣṭafá Muḥammad,</subfield>
		<subfield code="c">1352 H. = 1933 M.</subfield>
	</datafield>
	<datafield ind1=" " ind2=" " tag="300">
		<subfield code="6">880-05</subfield>
		<subfield code="a">online resource (4 volumes)</subfield>
	</datafield>
	<datafield ind1=" " ind2=" " tag="336">
		<subfield code="a">text</subfield>
		<subfield code="2">rdacontent</subfield>
	</datafield>
	<datafield ind1=" " ind2=" " tag="337">
		<subfield code="a">computer</subfield>
		<subfield code="2">rdamedia</subfield>
	</datafield>
	<datafield ind1=" " ind2=" " tag="338">
		<subfield code="a">online resource</subfield>
		<subfield code="2">rdacarrier</subfield>
	</datafield>
	<datafield ind1=" " ind2=" " tag="500">
		<subfield code="a">&quot;تنبيه ليعلم القارئ أن تفسير الجلالين برأس الصحيفة والاملاء بأسفل الصحيفة، وعليه تعليقات لفضيلة الأستاذ الشيخ عبد الرحمن الجزيري، مفتش أول مساجد الأوقاف.&quot;</subfield>
	</datafield>
	<datafield ind1=" " ind2=" " tag="500">
		<subfield code="a">Part of the Arabic Collections Online (ACO) project, contributed by American University of Beirut's Jafet Memorial Library.</subfield>
	</datafield>
	<datafield ind1=" " ind2=" " tag="533">
		<subfield code="a">Electronic reproduction.</subfield>
		<subfield code="b">New York, N.Y. :</subfield>
		<subfield code="c">New York University,</subfield>
		<subfield code="d">2019.</subfield>
		<subfield code="5">NNU</subfield>
	</datafield>
	<datafield ind1="0" ind2="4" tag="600">
		<subfield code="a">السيوطي،</subfield>
		<subfield code="d">1445-1505.</subfield>
		<subfield code="t">تفسير الجلالين.</subfield>
	</datafield>
	<datafield ind1="1" ind2="4" tag="600">
		<subfield code="a">المحلي، جلال الدين محمد بن احمد،</subfield>
		<subfield code="d">1389-1459.</subfield>
		<subfield code="t">تفسير الجلالين.</subfield>
	</datafield>
	<datafield ind1="0" ind2="0" tag="600">
		<subfield code="a">Suyūṭī,</subfield>
		<subfield code="d">1445-1505.</subfield>
		<subfield code="t">Tafsīr al-Jalālayn.</subfield>
	</datafield>
	<datafield ind1="1" ind2="0" tag="600">
		<subfield code="a">Maḥallī, Jalāl al-Dīn Muḥammad ibn Aḥmad,</subfield>
		<subfield code="d">1389-1459.</subfield>
		<subfield code="t">Tafsīr al-Jalālayn.</subfield>
	</datafield>
	<datafield ind1="0" ind2="4" tag="630">
		<subfield code="a">قرآن</subfield>
		<subfield code="x">تفسير وتأويل</subfield>
		<subfield code="v">اعمال قديمة حتى 1800.</subfield>
	</datafield>
	<datafield ind1="0" ind2="4" tag="630">
		<subfield code="a">قرآن</subfield>
		<subfield code="x">الاسلوب اللغوي</subfield>
		<subfield code="v">اعمال قديمة حتى 1800.</subfield>
	</datafield>
	<datafield ind1="0" ind2="0" tag="630">
		<subfield code="a">Qurʼan</subfield>
		<subfield code="x">Hermeneutics</subfield>
		<subfield code="v">Early works to 1800.</subfield>
	</datafield>
	<datafield ind1="0" ind2="0" tag="630">
		<subfield code="a">Qurʼan</subfield>
		<subfield code="x">Language, style</subfield>
		<subfield code="v">Early works to 1800.</subfield>
	</datafield>
	<datafield ind1="0" ind2="2" tag="700">
		<subfield code="6">880-06</subfield>
		<subfield code="a">Suyūṭī,</subfield>
		<subfield code="d">1445-1505.</subfield>
		<subfield code="t">Tafsīr al-Jalālayn.</subfield>
	</datafield>
	<datafield ind1="1" ind2="2" tag="700">
		<subfield code="6">880-07</subfield>
		<subfield code="a">Maḥallī, Jalāl al-Dīn Muḥammad ibn Aḥmad,</subfield>
		<subfield code="d">1389-1459.</subfield>
		<subfield code="t">Tafsīr al-Jalālayn.</subfield>
	</datafield>
	<datafield ind1="1" ind2="2" tag="700">
		<subfield code="6">880-08</subfield>
		<subfield code="a">ʻUkbarī, ʻAbd Allāh ibn al-Ḥusayn,</subfield>
		<subfield code="d">1143 or 1144-1219.</subfield>
		<subfield code="t">Imlāʼ mā manna bihi al-Raḥmān min wujūh al-iʻrāb wa-al-qarāʼāt fī jamīʻ al-Qurʼān.</subfield>
	</datafield>
	<datafield ind1="1" ind2=" " tag="700">
		<subfield code="6">880-09</subfield>
		<subfield code="a">Jazīrī, ʻAbd al-Raḥmān,</subfield>
		<subfield code="e">commentator for written text.</subfield>
	</datafield>
	<datafield ind1="2" ind2=" " tag="710">
		<subfield code="a">Jafet Memorial Library.</subfield>
	</datafield>
	<datafield ind1="0" ind2=" " tag="730">
		<subfield code="a">Arabic Collections Online.</subfield>
	</datafield>
	<datafield ind1="0" ind2="8" tag="775">
		<subfield code="6">880-10</subfield>
		<subfield code="i">has designation of edition</subfield>
		<subfield code="4">http://rdaregistry.info/Elements/m/P30133 :</subfield>
		<subfield code="t">al-Futūḥāt al-ilāhīyah bi-tawdīh Tafsīr al-Jalālyn lil-daqāʼiq al-khafīyah.</subfield>
		<subfield code="d">al-Qāhirah : Maṭbaʻat al-Istiqāmah, 1377 H., [1957? M.]</subfield>
		<subfield code="w">(OCoLC)784285069</subfield>
		<subfield code="w">(OCoLC)784285069</subfield>
	</datafield>
	<datafield ind1="0" ind2="8" tag="776">
		<subfield code="i">Print version:</subfield>
		<subfield code="a">Jamal, Sulaymān ibn ʻUmar, -1789 or 1790, author.</subfield>
		<subfield code="t">Ḥāshiyah ʻalá al-jalālayn</subfield>
		<subfield code="w">(LeBAU)b18036478</subfield>
	</datafield>
	<datafield ind1="4" ind2="0" tag="856">
		<subfield code="u">http://hdl.handle.net/2333.1/wm37q4f0</subfield>
	</datafield>
	<datafield ind1="1" ind2=" " tag="880">
		<subfield code="6">100-01</subfield>
		<subfield code="a">الجمل، سليمان بن عمر،</subfield>
		<subfield code="d">-1789 او 1790،</subfield>
		<subfield code="e">مؤلف. </subfield>
		<subfield code="4">aut.</subfield>
	</datafield>
	<datafield ind1="1" ind2="0" tag="880">
		<subfield code="6">245-02</subfield>
		<subfield code="a">حاشية على الجلالين:</subfield>
		<subfield code="b">المسماة بالفتوحات الإلهية بتوضيح تفسير الجلالين للدقائق الخفية /</subfield>
		<subfield code="c">تأليف العلامة الشيخ سليمان الجمل. مع تفسير الجلالين المذكور. وأيضاً إملاء ما من به الرحمن من وجوه الإعراب والقراآت في جميع القرآن / تأليف العلامة محب الدين أبي البقاء عبد الله بن الحسين بن عبد الله العكبري.</subfield>
	</datafield>
	<datafield ind1="3" ind2="0" tag="880">
		<subfield code="6">246-03</subfield>
		<subfield code="a">الفتوحات الإلهية بتوضيح تفسير الجلالين للدقائق الخفية</subfield>
	</datafield>
	<datafield ind1=" " ind2="1" tag="880">
		<subfield code="6">264-04</subfield>
		<subfield code="a">مصر :</subfield>
		<subfield code="b">مطبعة مصطفى محمد،</subfield>
		<subfield code="c">1352 هـ. = 1933 م.</subfield>
	</datafield>
	<datafield ind1=" " ind2=" " tag="880">
		<subfield code="6">300-05</subfield>
		<subfield code="a">4 أجزاء ؛</subfield>
		<subfield code="c">28 سم</subfield>
	</datafield>
	<datafield ind1="0" ind2="2" tag="880">
		<subfield code="6">700-06</subfield>
		<subfield code="a">السيوطي،</subfield>
		<subfield code="d">1445-1505.</subfield>
		<subfield code="t">تفسير الجلالين.</subfield>
	</datafield>
	<datafield ind1="1" ind2="2" tag="880">
		<subfield code="6">700-07</subfield>
		<subfield code="a">المحلي، جلال الدين محمد بن احمد،</subfield>
		<subfield code="d">1389-1459.</subfield>
		<subfield code="t">تفسير الجلالين.</subfield>
	</datafield>
	<datafield ind1="1" ind2="2" tag="880">
		<subfield code="6">700-08</subfield>
		<subfield code="a">العكبري، عبد الله بن الحسين،</subfield>
		<subfield code="d">1143 او 1144-1219.</subfield>
		<subfield code="t">إملاء ما من به الرحمن من وجوه الإعراب والقراءات في جميع القرآن.</subfield>
	</datafield>
	<datafield ind1="1" ind2=" " tag="880">
		<subfield code="6">700-09</subfield>
		<subfield code="a">الجزيري، عبد الرحمن،</subfield>
		<subfield code="e">معلق على النص. </subfield>
		<subfield code="4">cwt.</subfield>
	</datafield>
	<datafield ind1="0" ind2="8" tag="880">
		<subfield code="6">775-10</subfield>
		<subfield code="i">دلالة على الطبعة</subfield>
		<subfield code="4">http://rdaregistry.info/Elements/m/P30133 :</subfield>
		<subfield code="t">الفتوحات الإلهية بتوضيح تفسير الجلالين للدقائق الخفية.</subfield>
		<subfield code="d">القاهرة : مطبعة الإستقامة، 1377 هـ.، [1957؟ م.]</subfield>
		<subfield code="w">b12372316</subfield>
		<subfield code="w">(OCoLC)784285069</subfield>
	</datafield>
	<datafield ind1=" " ind2=" " tag="959">
		<subfield code="a">NNU</subfield>
		<subfield code="b">WEB</subfield>
		<subfield code="c">GENI</subfield>
		<subfield code="t">0</subfield>
		<subfield code="m">Electronic access</subfield>
		<subfield code="s">01</subfield>
	</datafield>
	<datafield ind1=" " ind2=" " tag="999">
		<subfield code="i">LeBAU_b18036478</subfield>
		<subfield code="s">aub_aco002950:v.1</subfield>
		<subfield code="s">aub_aco002951:v.2</subfield>
		<subfield code="s">aub_aco002952:v.3</subfield>
		<subfield code="s">aub_aco002953:v.4</subfield>
		<subfield code="e">(ERROR-MISC)</subfield>
	</datafield>
</record>
